@article{adomavicius2005toward,
  title={Toward the next generation of recommender systems: A survey of the state-of-the-art and possible extensions},
  author={Adomavicius, Gediminas and Tuzhilin, Alexander},
  journal={IEEE transactions on knowledge and data engineering},
  volume={17},
  number={6},
  pages={734--749},
  year={2005},
  publisher={IEEE}
}

@article{park2012literature,
  title={A literature review and classification of recommender systems research},
  author={Park, Deuk Hee and Kim, Hyea Kyeong and Choi, Il Young and Kim, Jae Kyeong},
  journal={Expert Systems with Applications},
  volume={39},
  number={11},
  pages={10059--10072},
  year={2012},
  publisher={Elsevier}
}

@article{linden2003amazon,
  title={Amazon. com recommendations: Item-to-item collaborative filtering},
  author={Linden, Greg and Smith, Brent and York, Jeremy},
  journal={IEEE Internet computing},
  volume={7},
  number={1},
  pages={76--80},
  year={2003},
  publisher={IEEE}
}

@inproceedings{sarwar2001item,
  title={Item-based collaborative filtering recommendation algorithms},
  author={Sarwar, Badrul and Karypis, George and Konstan, Joseph and Riedl, John},
  booktitle={Proceedings of the 10th international conference on World Wide Web},
  pages={285--295},
  year={2001},
  organization={ACM}
}

@inproceedings{schein2002methods,
  title={Methods and metrics for cold-start recommendations},
  author={Schein, Andrew I and Popescul, Alexandrin and Ungar, Lyle H and Pennock, David M},
  booktitle={Proceedings of the 25th annual international ACM SIGIR conference on Research and development in information retrieval},
  pages={253--260},
  year={2002},
  organization={ACM}
}

